@BOOK {MCOOK,
    author = "Petersen \& Pedersen",
    title  = "The Matrix Cookbook",
    year   = "2012",
    month  = "nov"
}

@ARTICLE {SFM,
    author = "C. Tomasi, K. Kanade",
    title  = "Shape and Motion from image streams under orthography: A factorization method",
    year   = "1992",
    journal = "International Journal of Computer Vision",
    volume = "9",
    number = "2",
    pages  = "137-154"
}

@ARTICLE {CLASS:CC,
    author = "Gerberth Adín Ramírez Rivera",
    title  = "Introduction to Computer Vision course, Class 14: Camera Matrices",
    year   = "2019",
    pages  = "11-12"
}